@article{dataset,
title = {Horea Muresan, Mihai Oltean, Fruit recognition from images using deep learning},
journal={Informatica},
volume = {10},
pages = {pp. 26--42}, 
year={2018}
},
@article{dataaugmentation,
title = {The Effectiveness of Data Augmentation in Image Classification using Deep Learning},
author = {Luis Perez, Jason Wang},
pages = {pp. 8},
year = {2017}
},
@article{transferlearning,
title = {How transferable are features in deep neural networks?},
author = {Jason Yosinski, Jeff Clune, Yoshua Bengio, Hod Lipson},
pages = {pp. 9},
year = {2014}
},
@article{customnet,
title = {Fruit recognition from images using deep learning},
author = {Horea Muresan, Mihai Oltean},
pages = {pp. 53},
year = {2018}
},
@article{inceptionv3,
title = {Rethinking the Inception Architecture for Computer Vision},
author = {Christian Szegedy, Vincent Vanhoucke, Sergey Ioffe, Jonathon Shlens, Zbigniew Wojna},
pages = {pp. 10},
year = {2015}
},
@article{resnet50,
title = {Deep Residual Learning for Image Recognition},
author = {Kaiming He, Xiangyu Zhang, Shaoqing Ren, Jian Sun},
year = {2015}
},
@misc{keras_resnet50,
  title = {Resnet Keras Documentation},
  howpublished = {\url{https://keras.io/applications/#resnet}}
},
@misc{categorical_crossentropy,
  title = {Categorical Crossentropy Explanation},
  howpublished = {\url{https://peltarion.com/knowledge-center/documentation/modeling-view/build-an-ai-model/loss-functions/categorical-crossentropy}}
},
@misc{batch_size,
  title = {Batch Size Explanation},
  howpublished = {\url{https://machinelearningmastery.com/difference-between-a-batch-and-an-epoch/}}
},
@misc{adam,
  title = {Adam optimizer explanation},
  howpublished = {\url{https://machinelearningmastery.com/adam-optimization-algorithm-for-deep-learning/}}
}
